@incollection{van1996isomorphism,
  title={Isomorphism in higher education? Towards a theory of differentiation and diversity in higher education systems},
  author={van Vught, Franciscus A},
  booktitle={In: V. Lynn Meek, L. Goedegebuure, O. Kivinen and R. Rinne (eds.), The Mockers and Mocked: Comparative Perspectives on Differentiation, Convergence and Diversity in Higher Education},
  year={1996},
  publisher={Pergamon}
}

@inproceedings{brown2013engaging,
  title={Engaging children in math education using a socially interactive humanoid robot},
  author={Brown, LaVonda and Howard, Ayanna M},
  booktitle={Humanoid Robots (Humanoids), 2013 13th IEEE-RAS International Conference on},
  pages={183--188},
  year={2013},
  organization={IEEE}
}

@article{mcneill1997growth,
  title={Growth points cross-linguistically},
  author={McNeill, David},
  journal={Language and conceptualization},
  pages={190--212},
  year={1997}
}

@article{justice2008influence,
  title={Influence of verbal and nonverbal references to print on preschoolers' visual attention to print during storybook reading.},
  author={Justice, Laura M and Pullen, Paige C and Pence, Khara},
  journal={Developmental Psychology},
  volume={44},
  number={3},
  pages={855},
  year={2008},
  publisher={American Psychological Association}
}


@book{mcneill1992hand,
  title={Hand and mind: What gestures reveal about thought},
  author={McNeill, David},
  year={1992},
  publisher={University of Chicago press}
}


@article{de200014,
  title={14 The production of gesture and speech},
  author={de Ruirer, Jan Peter},
  journal={Language and gesture},
  volume={2},
  pages={284},
  year={2000},
  publisher={Cambridge University Press}
}


@article{pellegrini1985parents,
  title={Parents' book-reading habits with their children.},
  author={Pellegrini, Anthony D and Brody, Gene H and Sigel, Irving E},
  journal={Journal of Educational Psychology},
  volume={77},
  number={3},
  pages={332},
  year={1985},
  publisher={American Psychological Association}
}

@article{bus1995joint,
  title={Joint book reading makes for success in learning to read: A meta-analysis on intergenerational transmission of literacy},
  author={Bus, Adriana G and Van Ijzendoorn, Marinus H and Pellegrini, Anthony D},
  journal={Review of educational research},
  volume={65},
  number={1},
  pages={1--21},
  year={1995},
  publisher={Sage Publications Sage CA: Thousand Oaks, CA}
}


@article{cochet2010pointing,
  title={Pointing gesture in young children: Hand preference and language development},
  author={Cochet, H{\'e}l{\`e}ne and Vauclair, Jacques},
  journal={Gesture},
  volume={10},
  number={2},
  pages={129--149},
  year={2010},
  publisher={John Benjamins Publishing Company}
}


@article{de200014,
  title={14 The production of gesture and speech},
  author={de Ruirer, Jan Peter},
  journal={Language and gesture},
  volume={2},
  pages={284},
  year={2000},
  publisher={Cambridge University Press}
}


@incollection{sharma2016visual,
  title={Visual Augmentation of Deictic Gestures in MOOC Videos},
  author={Sharma, Kshitij and D'Angelo, Sarah and Gergle, Darren and Dillenbourg, Pierre},
  year={2016},
  publisher={Singapore: International Society of the Learning Sciences}
}

@article{valiente2012linking,
  title={Linking students’ emotions and academic achievement: When and why emotions matter},
  author={Valiente, Carlos and Swanson, Jodi and Eisenberg, Nancy},
  journal={Child development perspectives},
  volume={6},
  number={2},
  pages={129--135},
  year={2012},
  publisher={Wiley Online Library}
}

@article{paris1984informed,
  title={Informed Strategies for Learning: A program to improve children's reading awareness and comprehension.},
  author={Paris, Scott G and Cross, David R and Lipson, Marjorie Y},
  journal={Journal of Educational psychology},
  volume={76},
  number={6},
  pages={1239},
  year={1984},
  publisher={American Psychological Association}
}

@article{mubin2013review,
  title={A review of the applicability of robots in education},
  author={Mubin, Omar and Stevens, Catherine J and Shahid, Suleman and Al Mahmud, Abdullah and Dong, Jian-Jie},
  journal={Journal of Technology in Education and Learning},
  volume={1},
  pages={209--0015},
  year={2013}
}

@article{johnson2013imitating,
  title={Imitating human emotions with artificial facial expressions},
  author={Johnson, David O and Cuijpers, Raymond H and van der Pol, David},
  journal={International Journal of Social Robotics},
  volume={5},
  number={4},
  pages={503--513},
  year={2013},
  publisher={Springer}
}


@inproceedings{belpaeme2015l2tor,
  title={L2TOR-second language tutoring using social robots},
  author={Belpaeme, Tony and Kennedy, James and Baxter, Paul and Vogt, Paul and Krahmer, Emiel EJ and Kopp, Stefan and Bergmann, Kirsten and Leseman, Paul and K{\"u}ntay, Aylin C and G{\"o}ksun, Tilbe and others},
  booktitle={Proceedings of the ICSR 2015 WONDER Workshop},
  year={2015}
}

@inproceedings{saerbeck2010expressive,
  title={Expressive robots in education: varying the degree of social supportive behavior of a robotic tutor},
  author={Saerbeck, Martin and Schut, Tom and Bartneck, Christoph and Janse, Maddy D},
  booktitle={Proceedings of the SIGCHI Conference on Human Factors in Computing Systems},
  pages={1613--1622},
  year={2010},
  organization={ACM}
}


@incollection{kirby1988style,
  title={Style, strategy, and skill in reading},
  author={Kirby, John R},
  booktitle={Learning strategies and learning styles},
  pages={229--274},
  year={1988},
  publisher={Springer}
}


@book{schmeck2013learning,
  title={Learning strategies and learning styles},
  author={Schmeck, Ronald R},
  year={2013},
  publisher={Springer Science \& Business Media}
}


@inproceedings{Kennedy:2015:RTT:2696454.2696457,
 author = {Kennedy, James and Baxter, Paul and Belpaeme, Tony},
 title = {The Robot Who Tried Too Hard: Social Behaviour of a Robot Tutor Can Negatively Affect Child Learning},
 booktitle = {Proceedings of the Tenth Annual ACM/IEEE International Conference on Human-Robot Interaction},
 series = {HRI '15},
 year = {2015},
 isbn = {978-1-4503-2883-8},
 location = {Portland, Oregon, USA},
 pages = {67--74},
 numpages = {8},
 url = {http://doi.acm.org/10.1145/2696454.2696457},
 doi = {10.1145/2696454.2696457},
 acmid = {2696457},
 publisher = {ACM},
 address = {New York, NY, USA},
 keywords = {child-robot interaction, robot tutor, social HRI, social behaviour},
} 



@inproceedings{brown2014positive,
  title={The positive effects of verbal encouragement in mathematics education using a social robot},
  author={Brown, LaVonda N and Howard, Ayanna M},
  booktitle={Integrated STEM Education Conference (ISEC), 2014 IEEE},
  pages={1--5},
  year={2014},
  organization={IEEE}
}

@inproceedings{deshmukh2013towards,
  title={Towards empathic artificial tutors},
  author={Deshmukh, Amol and Castellano, Ginevra and Kappas, Arvid and Barendregt, Wolmet and Nabais, Fernando and Paiva, Ana and Ribeiro, Tiago and Leite, Iolanda and Aylett, Ruth},
  booktitle={Proceedings of the 8th ACM/IEEE international conference on Human-robot interaction},
  pages={113--114},
  year={2013},
  organization={IEEE Press}
}

@inproceedings{kennedy2016heart,
  title={Heart vs hard drive: Children learn more from a human tutor than a social robot},
  author={Kennedy, James and Baxter, Paul and Senft, Emmanuel and Belpaeme, Tony},
  booktitle={Human-Robot Interaction (HRI), 2016 11th ACM/IEEE International Conference on},
  pages={451--452},
  year={2016},
  organization={IEEE}
}


@inproceedings{mutlu2006storytelling,
  title={A storytelling robot: Modeling and evaluation of human-like gaze behavior},
  author={Mutlu, Bilge and Forlizzi, Jodi and Hodgins, Jessica},
  booktitle={Humanoid robots, 2006 6th IEEE-RAS international conference on},
  pages={518--523},
  year={2006},
  organization={IEEE}
}
@article{lemaignan2016learning,
  title={Learning by teaching a robot: The case of handwriting},
  author={Lemaignan, S{\'e}verin and Jacq, Alexis and Hood, Deanna and Garcia, Fernando and Paiva, Ana and Dillenbourg, Pierre},
  journal={IEEE Robotics \& Automation Magazine},
  volume={23},
  number={2},
  pages={56--66},
  year={2016},
  publisher={IEEE}
}


@book{adams1990beginning,
  title={Beginning to read: The new phonics in context},
  author={Adams, Marilyn Jager and Stahl, Steven A and Osborne, Jean and Lehr, Fran},
  year={1990},
  publisher={Heinemann Educational}
}

@article{lovegrove1993weakness,
  title={Weakness in the transient visual system: A causal factor in dyslexia?},
  author={Lovegrove, William},
  journal={Annals of the New York Academy of Sciences},
  volume={682},
  number={1},
  pages={57--69},
  year={1993},
  publisher={Wiley Online Library}
}

@article{imai2003physical,
  title={Physical relation and expression: Joint attention for human-robot interaction},
  author={Imai, Michita and Ono, Tetsuo and Ishiguro, Hiroshi},
  journal={IEEE Transactions on Industrial Electronics},
  volume={50},
  number={4},
  pages={636--643},
  year={2003},
  publisher={IEEE}
}

@inproceedings{rich2010recognizing,
  title={Recognizing engagement in human-robot interaction},
  author={Rich, Charles and Ponsler, Brett and Holroyd, Aaron and Sidner, Candace L},
  booktitle={Human-Robot Interaction (HRI), 2010 5th ACM/IEEE International Conference on},
  pages={375--382},
  year={2010},
  organization={IEEE}
}

@article{townend2000phonological,
  title={Phonological awareness and other foundations skills of literacy},
  author={Townend, Janet},
  journal={Dyslexia in Practice: A guide for teachers. London: Kluwer Academic/Plenum Publishers},
  pages={1--29},
  year={2000},
  publisher={Springer}
}

@book{chall1997teaching,
  title={Teaching and assessing phonics: Why, what, when, how: A guide for teachers},
  author={Chall, Jeanne Sternlicht and Popp, Helen Mitchell},
  year={1997},
  publisher={Educators Pub. Service}
}


@article{chase2009teachable,
  title={Teachable agents and the prot{\'e}g{\'e} effect: Increasing the effort towards learning},
  author={Chase, Catherine C and Chin, Doris B and Oppezzo, Marily A and Schwartz, Daniel L},
  journal={Journal of Science Education and Technology},
  volume={18},
  number={4},
  pages={334--352},
  year={2009},
  publisher={Springer}
}

@article{frith1995dyslexia,
  title={Dyslexia: Can we have a shared theoretical framework?},
  author={Frith, Uta},
  journal={Educational and Child Psychology},
  year={1995},
  publisher={United Kingdom: British Psychological Society}
}

@article{ehri1999phases,
  title={Phases of development in learning to read words.},
  author={Ehri, Linnea C},
  year={1999},
  publisher={Blackwell Science}
}

@article{tomasello1995joint,
  title={Joint attention as social cognition},
  author={Tomasello, Michael and others},
  journal={Joint attention: Its origins and role in development},
  volume={103130}
}

@book{baron1997mindblindness,
  title={Mindblindness: An essay on autism and theory of mind},
  author={Baron-Cohen, Simon},
  year={1997},
  publisher={MIT press}
}

@inproceedings{huang2010joint,
  title={Joint Attention in Human-Robot Interaction.},
  author={Huang, Chien-Ming and Thomaz, Andrea Lockerd},
  booktitle={AAAI Fall Symposium: Dialog with Robots},
  year={2010}
}

@inproceedings{huang2011effects,
  title={Effects of responding to, initiating and ensuring joint attention in human-robot interaction},
  author={Huang, Chien-Ming and Thomaz, Andrea L},
  booktitle={RO-MAN, 2011 IEEE},
  pages={65--71},
  year={2011},
  organization={IEEE}
}

@article{imai2003physical,
  title={Physical relation and expression: Joint attention for human-robot interaction},
  author={Imai, Michita and Ono, Tetsuo and Ishiguro, Hiroshi},
  journal={IEEE Transactions on Industrial Electronics},
  volume={50},
  number={4},
  pages={636--643},
  year={2003},
  publisher={IEEE}
}

@article{staudte2011investigating,
  title={Investigating joint attention mechanisms through spoken human--robot interaction},
  author={Staudte, Maria and Crocker, Matthew W},
  journal={Cognition},
  volume={120},
  number={2},
  pages={268--291},
  year={2011},
  publisher={Elsevier}
}

@article{biswas2005learning,
  title={Learning by teaching: A new agent paradigm for educational software},
  author={Biswas, Gautam and Leelawong, Krittaya and Schwartz, Daniel and Vye, Nancy and The Teachable Agents Group at Vanderbilt},
  journal={Applied Artificial Intelligence},
  volume={19},
  number={3-4},
  pages={363--392},
  year={2005},
  publisher={Taylor \& Francis}
}

@article{bargh1980cognitive,
  title={On the cognitive benefits of teaching.},
  author={Bargh, John A and Schul, Yaacov},
  journal={Journal of Educational Psychology},
  volume={72},
  number={5},
  pages={593},
  year={1980},
  publisher={American Psychological Association}
}

@inproceedings{cristani2011towards,
  title={Towards computational proxemics: Inferring social relations from interpersonal distances},
  author={Cristani, Marco and Paggetti, Giulia and Vinciarelli, Alessandro and Bazzani, Loris and Menegaz, Gloria and Murino, Vittorio},
  booktitle={Privacy, Security, Risk and Trust (PASSAT) and 2011 IEEE Third Inernational Conference on Social Computing (SocialCom), 2011 IEEE Third International Conference on},
  pages={290--297},
  year={2011},
  organization={IEEE}
}


@inproceedings{kuzuoka2010reconfiguring,
  title={Reconfiguring spatial formation arrangement by robot body orientation},
  author={Kuzuoka, Hideaki and Suzuki, Yuya and Yamashita, Jun and Yamazaki, Keiichi},
  booktitle={Proceedings of the 5th ACM/IEEE international conference on Human-robot interaction},
  pages={285--292},
  year={2010},
  organization={IEEE Press}
}

@inproceedings{mumm2011human,
  title={Human-robot proxemics: physical and psychological distancing in human-robot interaction},
  author={Mumm, Jonathan and Mutlu, Bilge},
  booktitle={Proceedings of the 6th international conference on Human-robot interaction},
  pages={331--338},
  year={2011},
  organization={ACM}
}

@inproceedings{kory2014storytelling,
  title={Storytelling with robots: Learning companions for preschool children's language development},
  author={Kory, Jacqueline and Breazeal, Cynthia},
  booktitle={Robot and Human Interactive Communication, 2014 RO-MAN: The 23rd IEEE International Symposium on},
  pages={643--648},
  year={2014},
  organization={IEEE}
}

@article{ham2015combining,
  title={Combining robotic persuasive strategies: the persuasive power of a storytelling robot that uses gazing and gestures},
  author={Ham, Jaap and Cuijpers, Raymond H and Cabibihan, John-John},
  journal={International Journal of Social Robotics},
  volume={7},
  number={4},
  pages={479--487},
  year={2015},
  publisher={Springer}
}

@inproceedings{michaelis2017someone,
  title={Someone to Read with: Design of and Experiences with an In-Home Learning Companion Robot for Reading},
  author={Michaelis, Joseph E and Mutlu, Bilge},
  booktitle={Proceedings of the 2017 CHI Conference on Human Factors in Computing Systems},
  pages={301--312},
  year={2017},
  organization={ACM}
}

@article{demiris2006hierarchical,
  title={Hierarchical attentive multiple models for execution and recognition of actions},
  author={Demiris, Yiannis and Khadhouri, Bassam},
  journal={Robotics and autonomous systems},
  volume={54},
  number={5},
  pages={361--369},
  year={2006},
  publisher={Elsevier}
}

@inproceedings{raffle2010family,
  title={Family story play: reading with young children (and elmo) over a distance},
  author={Raffle, Hayes and Ballagas, Rafael and Revelle, Glenda and Horii, Hiroshi and Follmer, Sean and Go, Janet and Reardon, Emily and Mori, Koichi and Kaye, Joseph and Spasojevic, Mirjana},
  booktitle={Proceedings of the SIGCHI Conference on Human Factors in Computing Systems},
  pages={1583--1592},
  year={2010},
  organization={ACM}
}

@article{zevenbergen2003dialogic,
  title={Dialogic reading: A shared picture book reading intervention for preschoolers},
  author={Zevenbergen, Andrea A and Whitehurst, Grover J},
  journal={On reading books to children: Parents and teachers},
  pages={177--200},
  year={2003}
}

@article{papadopoulos2013aibostory,
  title={AIBOStory--Autonomous Robots supporting Interactive, Collaborative Story-telling},
  author={Papadopoulos, Fotios and Dautenhahn, Kerstin and Ho, Wan Ching},
  journal={Paladyn, Journal of Behavioral Robotics},
  volume={4},
  number={1},
  pages={10--22},
  year={2013},
  publisher={Versita}
}

@article{gong2009four,
  title={Four year old children’s acquisition of print knowledge during electronic storybook reading},
  author={Gong, Zhiyu and Levy, Betty Ann},
  journal={Reading and Writing},
  volume={22},
  number={8},
  pages={889--905},
  year={2009},
  publisher={Springer}
}

@article{senechal2002parental,
  title={Parental involvement in the development of children’s reading skill: A five-year longitudinal study},
  author={S{\'e}n{\'e}chal, Monique and LeFevre, Jo-Anne},
  journal={Child development},
  volume={73},
  number={2},
  pages={445--460},
  year={2002},
  publisher={Wiley Online Library}
}

@article{senechal1998differential,
  title={Differential effects of home literacy experiences on the development of oral and written language},
  author={S{\'e}n{\'e}chal, Monique and Lefevre, Jo-Anne and Thomas, Eleanor M and Daley, Karen E},
  journal={Reading research quarterly},
  volume={33},
  number={1},
  pages={96--116},
  year={1998},
  publisher={Wiley Online Library}
}


@inproceedings{freed2010user,
  title={User interfaces for tangible characters: can children connect remotely through toy perspectives?},
  author={Freed, Natalie and Burleson, Winslow and Raffle, Hayes and Ballagas, Rafael and Newman, Naomi},
  booktitle={Proceedings of the 9th International Conference on Interaction Design and Children},
  pages={69--78},
  year={2010},
  organization={ACM}
}

@article{hart2003early,
  title={The early catastrophe: The 30 million word gap by age 3},
  author={Hart, Betty and Risley, Todd R}
}

@article{whitehurst1988accelerating,
  title={Accelerating language development through picture book reading.},
  author={Whitehurst, Grover J and Falco, Francine L and Lonigan, Christopher J and Fischel, Janet E and DeBaryshe, Barbara D and Valdez-Menchaca, Marta C and Caulfield, Marie},
  journal={Developmental psychology},
  volume={24},
  number={4},
  pages={552},
  year={1988},
  publisher={American Psychological Association}
}


@article{evans2000home,
  title={Home literacy activities and their influence on early literacy skills.},
  author={Evans, Mary Ann and Shaw, Deborah and Bell, Michelle},
  journal={Canadian Journal of Experimental Psychology/Revue canadienne de psychologie exp{\'e}rimentale},
  volume={54},
  number={2},
  pages={65},
  year={2000},
  publisher={Canadian Psychological Association}
}

@inproceedings{kuzuoka2010reconfiguring,
  title={Reconfiguring spatial formation arrangement by robot body orientation},
  author={Kuzuoka, Hideaki and Suzuki, Yuya and Yamashita, Jun and Yamazaki, Keiichi},
  booktitle={Proceedings of the 5th ACM/IEEE international conference on Human-robot interaction},
  pages={285--292},
  year={2010},
  organization={IEEE Press}
}


@article{arnold1994accelerating,
  title={Accelerating language development through picture book reading: A summary of dialogic reading and its effect.},
  author={Arnold, David S and Whitehurst, Grover J},
  year={1994},
  publisher={Blackwell Publishing}
}


@inproceedings{luff2004only,
  title={Only touching the surface: creating affinities between digital content and paper},
  author={Luff, Paul and Heath, Christian and Norrie, Moira and Signer, Beat and Herdman, Peter},
  booktitle={Proceedings of the 2004 ACM conference on Computer supported cooperative work},
  pages={523--532},
  year={2004},
  organization={ACM}
}


@inproceedings{adalgeirsson2010mebot,
  title={MeBot: a robotic platform for socially embodied presence},
  author={Adalgeirsson, Sigurdur O and Breazeal, Cynthia},
  booktitle={Proceedings of the 5th ACM/IEEE international conference on Human-robot interaction},
  pages={15--22},
  year={2010},
  organization={IEEE Press}
}

@inproceedings{kuzuoka2000gestureman,
  title={GestureMan: a mobile robot that embodies a remote instructor's actions},
  author={Kuzuoka, Hideaki and Oyama, Shinya and Yamazaki, Keiichi and Suzuki, Kenji and Mitsuishi, Mamoru},
  booktitle={Proceedings of the 2000 ACM conference on Computer supported cooperative work},
  pages={155--162},
  year={2000},
  organization={ACM}
}



@article{rolf2010goal,
  title={Goal babbling permits direct learning of inverse kinematics},
  author={Rolf, Matthias and Steil, Jochen J and Gienger, Michael},
  journal={IEEE Transactions on Autonomous Mental Development},
  volume={2},
  number={3},
  pages={216--229},
  year={2010},
  publisher={IEEE}
}

@book{cangelosi2015developmental,
  title={Developmental robotics: From babies to robots},
  author={Cangelosi, Angelo and Schlesinger, Matthew and Smith, Linda B},
  year={2015},
  publisher={MIT Press}
}


@inproceedings{robins2005sustaining,
  title={Sustaining interaction dynamics and engagement in dyadic child-robot interaction kinesics: Lessons learnt from an exploratory study},
  author={Robins, Ben and Dautenhahn, Kerstin and Nehaniv, Chrystopher L and Mirza, Naeem Assif and Fran{\c{c}}ois, Doroth{\'e}e and Olsson, Lars},
  booktitle={Robot and Human Interactive Communication, 2005. ROMAN 2005. IEEE International Workshop on},
  pages={716--722},
  year={2005},
  organization={IEEE}
}

@article{willis1979development,
  title={The development of personal space in primary school children},
  author={Willis, Frank N and Carlson, Roger and Reeves, Dennis},
  journal={Journal of Nonverbal Behavior},
  volume={3},
  number={4},
  pages={195--204},
  year={1979},
  publisher={Springer}
}

@inproceedings{walters2005influence,
  title={The influence of subjects' personality traits on personal spatial zones in a human-robot interaction experiment},
  author={Walters, Michael L and Dautenhahn, Kerstin and Te Boekhorst, Ren{\'e} and Koay, Kheng Lee and Kaouri, Christina and Woods, Sarah and Nehaniv, Chrystopher and Lee, David and Werry, Iain},
  booktitle={Robot and Human Interactive Communication, 2005. ROMAN 2005. IEEE International Workshop on},
  pages={347--352},
  year={2005},
  organization={IEEE}
}

@article{alavc2011robot,
  title={When a robot is social: Spatial arrangements and multimodal semiotic engagement in the practice of social robotics},
  author={Ala{\v{c}}, Morana and Movellan, Javier and Tanaka, Fumihide},
  journal={Social Studies of Science},
  volume={41},
  number={6},
  pages={893--926},
  year={2011},
  publisher={Sage Publications Sage UK: London, England}
}

@article{shi2011spatial,
  title={Spatial formation model for initiating conversation},
  author={Shi, Chao and Shimada, Michihiro and Kanda, Takayuki and Ishiguro, Hiroshi and Hagita, Norihiro},
  journal={Proceedings of Robotics: Science and Systems VII},
  year={2011}
}

@article{eberts1975individual,
  title={Individual consistency in the proxemic behavior of preschool children.},
  author={Eberts, Eugene Henry and Lepper, Mark R},
  journal={Journal of Personality and Social Psychology},
  volume={32},
  number={5},
  pages={841},
  year={1975},
  publisher={American Psychological Association}
}

@inproceedings{srinivasan2011survey,
	title={A survey of social gaze},
	author={Srinivasan, Vasant and Murphy, Robin R},
	booktitle={Human-Robot Interaction (HRI), 2011 6th ACM/IEEE International Conference on},
	pages={253--254},
	year={2011},
	organization={IEEE}
}

@article{lomranz1975children,
  title={Children's personal space as a function of age and sex.},
  author={Lomranz, Jacob and Shapira, Ariela and Choresh, Netta and Gilat, Yitzchak},
  journal={Developmental Psychology},
  volume={11},
  number={5},
  pages={541},
  year={1975},
  publisher={American Psychological Association}
}

@inproceedings{dautenhahn1999studying,
  title={Studying robot social cognition within a developmental psychology framework},
  author={Dautenhahn, Kerstin and Billard, Aude},
  booktitle={Advanced Mobile Robots, 1999.(Eurobot'99) 1999 Third European Workshop on},
  pages={187--194},
  year={1999},
  organization={IEEE}
}


@article{aiello1974development,
  title={The development of personal space: Proxemic behavior of children 6 through 16},
  author={Aiello, John R and Aiello, Tyra De Carlo},
  journal={Human ecology},
  volume={2},
  number={3},
  pages={177--189},
  year={1974},
  publisher={Springer}
}

@article{yamaji2011stb,
  title={Stb: Child-dependent sociable trash box},
  author={Yamaji, Yuto and Miyake, Taisuke and Yoshiike, Yuta and De Silva, P Ravindra S and Okada, Michio},
  journal={International Journal of Social Robotics},
  volume={3},
  number={4},
  pages={359--370},
  year={2011},
  publisher={Springer}
}

@inproceedings{cristani2011towards,
  title={Towards computational proxemics: Inferring social relations from interpersonal distances},
  author={Cristani, Marco and Paggetti, Giulia and Vinciarelli, Alessandro and Bazzani, Loris and Menegaz, Gloria and Murino, Vittorio},
  booktitle={Privacy, Security, Risk and Trust (PASSAT) and 2011 IEEE Third Inernational Conference on Social Computing (SocialCom), 2011 IEEE Third International Conference on},
  pages={290--297},
  year={2011},
  organization={IEEE}
}

@inproceedings{michalowski2006spatial,
  title={A spatial model of engagement for a social robot},
  author={Michalowski, Marek P and Sabanovic, Selma and Simmons, Reid},
  booktitle={Advanced Motion Control, 2006. 9th IEEE International Workshop on},
  pages={762--767},
  year={2006},
  organization={IEEE}
}

@inproceedings{rich2010recognizing,
  title={Recognizing engagement in human-robot interaction},
  author={Rich, Charles and Ponsler, Brett and Holroyd, Aaron and Sidner, Candace L},
  booktitle={Human-Robot Interaction (HRI), 2010 5th ACM/IEEE International Conference on},
  pages={375--382},
  year={2010},
  organization={IEEE}
}


@inproceedings{johal2016child,
  title={Child-robot spatial arrangement in a learning by teaching activity},
  author={Johal, Wafa and Jacq, Alexis and Paiva, Ana and Dillenbourg, Pierre},
  booktitle={Robot and Human Interactive Communication (RO-MAN), 2016 25th IEEE International Symposium on},
  pages={533--538},
  year={2016},
  organization={Ieee}
}

@inproceedings{boekhorst2005study,
  title={A study of a single robot interacting with groups of children in a rotation game scenario},
  author={Boekhorst, R and Walters, Michael L and Koay, Kheng Lee and Dautenhahn, Kerstin and Nehaniv, Chrystopher L},
  booktitle={Computational Intelligence in Robotics and Automation, 2005. CIRA 2005. Proceedings. 2005 IEEE International Symposium on},
  pages={35--40},
  year={2005},
  organization={IEEE}
}


@inproceedings{kanda2002multi,
  title={Multi-robot cooperation for human-robot communication},
  author={Kanda, Takayuki and Ishiguro, Hiroshi and Ono, Tetsuo and Imai, Michita and Mase, Kenji},
  booktitle={Robot and Human Interactive Communication, 2002. Proceedings. 11th IEEE International Workshop on},
  pages={271--276},
  year={2002},
  organization={IEEE}
}


@inproceedings{vazquez2014spatial,
  title={Spatial and other social engagement cues in a child-robot interaction: Effects of a sidekick},
  author={V{\'a}zquez, Marynel and Steinfeld, Aaron and Hudson, Scott E and Forlizzi, Jodi},
  booktitle={Proceedings of the 2014 ACM/IEEE international conference on Human-robot interaction},
  pages={391--398},
  year={2014},
  organization={ACM}
}


@article{butterworth1995origins,
  title={Origins of mind in perception and action},
  author={Butterworth, George},
  journal={Joint attention: Its origins and role in development},
  pages={29--40},
  year={1995}
}

@inproceedings{scassellati1996mechanisms,
  title={Mechanisms of shared attention for a humanoid robot},
  author={Scassellati, Brian},
  booktitle={Embodied Cognition and Action: Papers from the 1996 AAAI Fall Symposium},
  volume={4},
  number={9},
  pages={21},
  year={1996}
}

@incollection{scassellati1999imitation,
  title={Imitation and mechanisms of joint attention: A developmental structure for building social skills on a humanoid robot},
  author={Scassellati, Brian},
  booktitle={Computation for metaphors, analogy, and agents},
  pages={176--195},
  year={1999},
  publisher={Springer}
}

@book{bates2014emergence,
  title={The emergence of symbols: Cognition and communication in infancy},
  author={Bates, Elizabeth},
  year={2014},
  publisher={Academic Press}
}

@article{nagai2003constructive,
  title={A constructive model for the development of joint attention},
  author={Nagai, Yukie and Hosoda, Koh and Morita, Akio and Asada, Minoru},
  journal={Connection Science},
  volume={15},
  number={4},
  pages={211--229},
  year={2003},
  publisher={Taylor \& Francis}
}

@article{butterworth1991minds,
  title={What minds have in common is space: Spatial mechanisms serving joint visual attention in infancy},
  author={Butterworth, George and Jarrett, Nicholas},
  journal={British journal of developmental psychology},
  volume={9},
  number={1},
  pages={55--72},
  year={1991},
  publisher={Wiley Online Library}
}

@article{carlson2004computational,
  title={A computational model of the emergence of gaze following},
  author={Carlson, Eric and Triesch, Jochen},
  journal={Progress in Neural Processing},
  volume={15},
  pages={105--114},
  year={2004},
  publisher={WORLD SCIENTIFIC}
}

@inproceedings{thomaz2005embodied,
  title={An embodied computational model of social referencing},
  author={Thomaz, Andrea Lockerd and Berlin, Matt and Breazeal, Cynthia},
  booktitle={Robot and Human Interactive Communication, 2005. ROMAN 2005. IEEE International Workshop on},
  pages={591--598},
  year={2005},
  organization={IEEE}
}

@inproceedings{rich2010recognizing,
  title={Recognizing engagement in human-robot interaction},
  author={Rich, Charles and Ponsler, Brett and Holroyd, Aaron and Sidner, Candace L},
  booktitle={Human-Robot Interaction (HRI), 2010 5th ACM/IEEE International Conference on},
  pages={375--382},
  year={2010},
  organization={IEEE}
}

@article{kaplan2006challenges,
  title={The challenges of joint attention},
  author={Kaplan, Frederic and Hafner, Verena V},
  journal={Interaction Studies},
  volume={7},
  number={2},
  pages={135--169},
  year={2006},
  publisher={John Benjamins Publishing Company}
}

@article{asada2009cognitive,
  title={Cognitive developmental robotics: A survey},
  author={Asada, Minoru and Hosoda, Koh and Kuniyoshi, Yasuo and Ishiguro, Hiroshi and Inui, Toshio and Yoshikawa, Yuichiro and Ogino, Masaki and Yoshida, Chisato},
  journal={IEEE Transactions on Autonomous Mental Development},
  volume={1},
  number={1},
  pages={12--34},
  year={2009},
  publisher={IEEE}
}

@article{gartner1971children,
  title={Children Teach Children: Learning by Teaching.},
  author={Gartner, Alan and others},
  year={1971},
  publisher={ERIC}
}

@inproceedings{woods2004design,
  title={The design space of robots: Investigating children's views},
  author={Woods, Sarah and Dautenhahn, Kerstin and Schulz, Joerg},
  booktitle={Robot and Human Interactive Communication, 2004. ROMAN 2004. 13th IEEE International Workshop on},
  pages={47--52},
  year={2004},
  organization={IEEE}
}

@book{papert1980mindstorms,
  title={Mindstorms: Children, computers, and powerful ideas},
  author={Papert, Seymour},
  year={1980},
  publisher={Basic Books, Inc.}
}

@article{johnson2003children,
  title={Children, robotics, and education},
  author={Johnson, Jeffrey},
  journal={Artificial Life and Robotics},
  volume={7},
  number={1},
  pages={16--21},
  year={2003},
  publisher={Springer}
}

@article{williams2007acquisition,
  title={Acquisition of physics content knowledge and scientific inquiry skills in a robotics summer camp},
  author={Williams, Douglas C and Ma, Yuxin and Prejean, Louise and Ford, Mary Jane and Lai, Guolin},
  journal={Journal of Research on Technology in Education},
  volume={40},
  number={2},
  pages={201--216},
  year={2007},
  publisher={Taylor \& Francis}
}

@article{benitti2012exploring,
  title={Exploring the educational potential of robotics in schools: A systematic review},
  author={Benitti, Fabiane Barreto Vavassori},
  journal={Computers \& Education},
  volume={58},
  number={3},
  pages={978--988},
  year={2012},
  publisher={Elsevier}
}

@article{kanda2004interactive,
  title={Interactive robots as social partners and peer tutors for children: A field trial},
  author={Kanda, Takayuki and Hirano, Takayuki and Eaton, Daniel and Ishiguro, Hiroshi},
  journal={Human-computer interaction},
  volume={19},
  number={1},
  pages={61--84},
  year={2004},
  publisher={L. Erlbaum Associates Inc.}
}


@article{leite2013social,
  title={Social robots for long-term interaction: a survey},
  author={Leite, Iolanda and Martinho, Carlos and Paiva, Ana},
  journal={International Journal of Social Robotics},
  volume={5},
  number={2},
  pages={291--308},
  year={2013},
  publisher={Springer}
}

@inproceedings{hyun2010relationships,
  title={Relationships between user experiences and children's perceptions of the education robot},
  author={Hyun, Eunja and Yoon, Hyunmin and Son, Sooryun},
  booktitle={Proceedings of the 5th ACM/IEEE international conference on Human-robot interaction},
  pages={199--200},
  year={2010},
  organization={IEEE Press}
}

@inproceedings{hood2015children,
  title={When children teach a robot to write: An autonomous teachable humanoid which uses simulated handwriting},
  author={Hood, Deanna and Lemaignan, S{\'e}verin and Dillenbourg, Pierre},
  booktitle={Proceedings of the Tenth Annual ACM/IEEE International Conference on Human-Robot Interaction},
  pages={83--90},
  year={2015},
  organization={ACM}
}

@article{tanaka2012children,
  title={Children teach a care-receiving robot to promote their learning: Field experiments in a classroom for vocabulary learning},
  author={Tanaka, Fumihide and Matsuzoe, Shizuko},
  journal={Journal of Human-Robot Interaction},
  volume={1},
  number={1},
  year={2012}
}

@inproceedings{brown2013engaging,
  title={Engaging children in math education using a socially interactive humanoid robot},
  author={Brown, LaVonda and Howard, Ayanna M},
  booktitle={Humanoid Robots (Humanoids), 2013 13th IEEE-RAS International Conference on},
  pages={183--188},
  year={2013},
  organization={IEEE}
}

@inproceedings{leyzberg2014personalizing,
  title={Personalizing robot tutors to individuals' learning differences},
  author={Leyzberg, Daniel and Spaulding, Samuel and Scassellati, Brian},
  booktitle={Proceedings of the 2014 ACM/IEEE international conference on Human-robot interaction},
  pages={423--430},
  year={2014},
  organization={ACM}
}

@inproceedings{atkeson1997robot,
  title={Robot learning from demonstration},
  author={Atkeson, Christopher G and Schaal, Stefan},
  booktitle={ICML},
  volume={97},
  pages={12--20},
  year={1997}
}

@inproceedings{werfel2013embodied,
  title={Embodied teachable agents: Learning by teaching robots},
  author={Werfel, Justin},
  booktitle={Intelligent Autonomous Systems, The 13th International Conference on},
  year={2013}
}

@article{bainbridge2011benefits,
  title={The benefits of interactions with physically present robots over video-displayed agents},
  author={Bainbridge, Wilma A and Hart, Justin W and Kim, Elizabeth S and Scassellati, Brian},
  journal={International Journal of Social Robotics},
  volume={3},
  number={1},
  pages={41--52},
  year={2011},
  publisher={Springer}
}

@article{newcombe1989development,
  title={The development of spatial perspective taking},
  author={Newcombe, Nora},
  journal={Advances in child development and behavior},
  volume={22},
  pages={203--247},
  year={1989},
  publisher={Elsevier}
}

@article{michelon2006two,
  title={Two kinds of visual perspective taking},
  author={Michelon, Pascale and Zacks, Jeffrey M},
  journal={Attention, Perception, \& Psychophysics},
  volume={68},
  number={2},
  pages={327--337},
  year={2006},
  publisher={Springer}
}

@incollection{fong2003collaboration,
  title={Collaboration, dialogue, human-robot interaction},
  author={Fong, Terrence and Thorpe, Charles and Baur, Charles},
  booktitle={Robotics Research},
  pages={255--266},
  year={2003},
  publisher={Springer}
}

@inproceedings{sharma2014me,
  title={“With-me-ness”: A gaze-measure for students’ attention in MOOCs},
  author={Sharma, Kshitij and Jermann, Patrick and Dillenbourg, Pierre},
  booktitle={Proceedings of International Conference of the Learning Sciences 2014},
  number={EPFL-CONF-201918},
  pages={1017--1022},
  year={2014},
  organization={ISLS}
}


@article{kidd2016individual,
  title={Individual differences in statistical learning predict children's comprehension of syntax},
  author={Kidd, Evan and Arciuli, Joanne},
  journal={Child development},
  volume={87},
  number={1},
  pages={184--193},
  year={2016},
  publisher={Wiley Online Library}
}

@article{jansen2014role,
  title={The role of pattern recognition in children's exact enumeration of small numbers},
  author={Jansen, Brenda RJ and Hofman, Abe D and Straatemeier, Marthe and Bers, Bianca MCW and Raijmakers, Maartje EJ and Maas, Han LJ},
  journal={British Journal of Developmental Psychology},
  volume={32},
  number={2},
  pages={178--194},
  year={2014},
  publisher={Wiley Online Library}
}

@inproceedings{ozgur2017haptic,
  title={Haptic-Enabled Handheld Mobile Robots: Design and Analysis},
  author={{\"O}zg{\"u}r, Ayberk and Johal, Wafa and Mondada, Francesco and Dillenbourg, Pierre},
  booktitle={Proceedings of the 2017 CHI Conference on Human Factors in Computing Systems},
  pages={2449--2461},
  year={2017},
  organization={ACM}
}


@article{moll2006level,
  title={Level 1 perspective-taking at 24 months of age},
  author={Moll, Henrike and Tomasello, Michael},
  journal={British Journal of Developmental Psychology},
  volume={24},
  number={3},
  pages={603--613},
  year={2006},
  publisher={Wiley Online Library}
}


@article{galinsky2000perspective,
  title={Perspective-taking: decreasing stereotype expression, stereotype accessibility, and in-group favoritism.},
  author={Galinsky, Adam D and Moskowitz, Gordon B},
  journal={Journal of personality and social psychology},
  volume={78},
  number={4},
  pages={708},
  year={2000},
  publisher={American Psychological Association}
}


@article{hegarty2004dissociation,
  title={A dissociation between mental rotation and perspective-taking spatial abilities},
  author={Hegarty, Mary and Waller, David},
  journal={Intelligence},
  volume={32},
  number={2},
  pages={175--191},
  year={2004},
  publisher={Elsevier}
}



@article{epley2004perspective,
  title={Perspective taking in children and adults: Equivalent egocentrism but differential correction},
  author={Epley, Nicholas and Morewedge, Carey K and Keysar, Boaz},
  journal={Journal of Experimental Social Psychology},
  volume={40},
  number={6},
  pages={760--768},
  year={2004},
  publisher={Elsevier}
}

@article{ackermann1996perspective,
  title={Perspective-taking and object construction: Two keys to learning},
  author={Ackermann, Edith},
  journal={Constructionism in practice: designing, thinking, and learning in a digital world, Lawrence Erlbaum, Mahwah, NJ},
  pages={25--35},
  year={1996}
}


@article{tanaka2007socialization,
  title={Socialization between toddlers and robots at an early childhood education center},
  author={Tanaka, Fumihide and Cicourel, Aaron and Movellan, Javier R},
  journal={Proceedings of the National Academy of Sciences},
  volume={104},
  number={46},
  pages={17954--17958},
  year={2007},
  publisher={National Acad Sciences}
}


@incollection{miller2008robots,
  title={Robots for education},
  author={Miller, David P and Nourbakhsh, Illah R and Siegwart, Roland},
  booktitle={Springer handbook of robotics},
  pages={1283--1301},
  year={2008},
  publisher={Springer}
}

@article{fong2003survey,
  title={A survey of socially interactive robots},
  author={Fong, Terrence and Nourbakhsh, Illah and Dautenhahn, Kerstin},
  journal={Robotics and autonomous systems},
  volume={42},
  number={3},
  pages={143--166},
  year={2003},
  publisher={Elsevier}
}


@inproceedings{breazeal2005effects,
  title={Effects of nonverbal communication on efficiency and robustness in human-robot teamwork},
  author={Breazeal, Cynthia and Kidd, Cory D and Thomaz, Andrea Lockerd and Hoffman, Guy and Berlin, Matt},
  booktitle={Intelligent Robots and Systems, 2005.(IROS 2005). 2005 IEEE/RSJ International Conference on},
  pages={708--713},
  year={2005},
  organization={IEEE}
}


@inproceedings{kozima2001robot,
  title={A robot that learns to communicate with human caregivers},
  author={Kozima, Hideki and Yano, Hiroyuki},
  booktitle={Proceedings of the First International Workshop on Epigenetic Robotics},
  pages={47--52},
  year={2001}
}

@article{mundy2007individual,
  title={Individual differences and the development of joint attention in infancy},
  author={Mundy, Peter and Block, Jessica and Delgado, Christine and Pomares, Yuly and Van Hecke, Amy Vaughan and Parlade, Meaghan Venezia},
  journal={Child development},
  volume={78},
  number={3},
  pages={938--954},
  year={2007},
  publisher={Wiley Online Library}
}


@article{vadasy2008individual,
  title={Individual tutoring for struggling readers: Moving research to scale with interventions implemented by paraeducators},
  author={Vadasy, Patricia F and Sanders, Elizabeth A},
  journal={GA, Reid, A., Fawcett, F., Manis, L. Seigel,(Eds.), The Sage handbook of dyslexia},
  pages={337--355},
  year={2008}
}

@incollection{scassellati1999imitation,
  title={Imitation and mechanisms of joint attention: A developmental structure for building social skills on a humanoid robot},
  author={Scassellati, Brian},
  booktitle={Computation for metaphors, analogy, and agents},
  pages={176--195},
  year={1999},
  publisher={Springer}
}


@article{stevenson1986long,
  title={Long-term prediction of achievement and attitudes in mathematics and reading},
  author={Stevenson, Harold W and Newman, Richard S},
  journal={Child development},
  pages={646--659},
  year={1986},
  publisher={JSTOR}
}

@article{tramontana1988research,
  title={Research on the preschool prediction of later academic achievement: A review},
  author={Tramontana, Michael G and Hooper, Stephen R and Selzer, S Claire},
  journal={Developmental Review},
  volume={8},
  number={2},
  pages={89--146},
  year={1988},
  publisher={Elsevier}
}

@book{wearmouth2003meeting,
  title={Meeting difficulties in literacy development: research, policy and practice},
  author={Wearmouth, Janice and Soler, Janet and Reid, Gavin},
  year={2003},
  publisher={Psychology Press}
}

@inproceedings{castellano2009detecting,
  title={Detecting user engagement with a robot companion using task and social interaction-based features},
  author={Castellano, Ginevra and Pereira, Andr{\'e} and Leite, Iolanda and Paiva, Ana and McOwan, Peter W},
  booktitle={Proceedings of the 2009 international conference on Multimodal interfaces},
  pages={119--126},
  year={2009},
  organization={ACM}
}

@article{campbell1994effects,
  title={Effects of early intervention on intellectual and academic achievement: a follow-up study of children from low-income families},
  author={Campbell, Frances A and Ramey, Craig T},
  journal={Child development},
  volume={65},
  number={2},
  pages={684--698},
  year={1994},
  publisher={Wiley Online Library}
}

@inproceedings{huttenrauch2006investigating,
  title={Investigating spatial relationships in human-robot interaction},
  author={H{\"u}ttenrauch, Helge and Eklundh, Kerstin Severinson and Green, Anders and Topp, Elin A},
  booktitle={Intelligent Robots and Systems, 2006 IEEE/RSJ International Conference on},
  pages={5052--5059},
  year={2006},
  organization={IEEE}
}


@book{feldman2008early,
  title={Early intervention: The essential readings},
  author={Feldman, Maurice A},
  volume={6},
  year={2008},
  publisher={John Wiley \& Sons}
}


@article{baydar1993early,
  title={Early warning signs of functional illiteracy: Predictors in childhood and adolescence},
  author={Baydar, Nazli and Brooks-Gunn, Jeanne and Furstenberg, Frank F},
  journal={Child development},
  volume={64},
  number={3},
  pages={815--829},
  year={1993},
  publisher={Wiley Online Library}
}

@article{torgesen1997preventive,
  title={Preventive and Remedial Interventions for Children with Severe Reading Disabilities.},
  author={Torgesen, Joseph K and others},
  journal={Learning Disabilities: A Multidisciplinary Journal},
  volume={8},
  number={1},
  pages={51--61},
  year={1997},
  publisher={ERIC}
}

@article{zimmerman1994dimensions,
  title={Dimensions of academic self-regulation: A conceptual framework for education},
  author={Zimmerman, Barry J},
  journal={Self-regulation of learning and performance: Issues and educational applications},
  volume={1},
  pages={33--21},
  year={1994}
}

@book{kendon1990conducting,
  title={Conducting interaction: Patterns of behavior in focused encounters},
  author={Kendon, Adam},
  volume={7},
  year={1990},
  publisher={CUP Archive}
}

@inproceedings{mcneill2005gesture,
  title={Gesture, gaze, and ground},
  author={McNeill, David},
  booktitle={International Workshop on Machine Learning for Multimodal Interaction},
  pages={1--14},
  year={2005},
  organization={Springer}
}

@article{hall1966hidden,
  title={The hidden dimension},
  author={Hall, Edward Twitchell},
  year={1966},
  publisher={Doubleday \& Co}
}

@inproceedings{yamaoka2008close,
  title={How close?: model of proximity control for information-presenting robots},
  author={Yamaoka, Fumitaka and Kanda, Takayuki and Ishiguro, Hiroshi and Hagita, Norihiro},
  booktitle={Proceedings of the 3rd ACM/IEEE international conference on Human robot interaction},
  pages={137--144},
  year={2008},
  organization={ACM}
}

@article{brooks2007behavioral,
  title={Behavioral overlays for non-verbal communication expression on a humanoid robot},
  author={Brooks, Andrew G and Arkin, Ronald C},
  journal={Autonomous Robots},
  volume={22},
  number={1},
  pages={55--74},
  year={2007},
  publisher={Springer}
}

@phdthesis{walters2008design,
  title={The design space for robot appearance and behaviour for social robot companions},
  author={Walters, Michael L},
  year={2008}
}

@article{nakauchi2002social,
  title={A social robot that stands in line},
  author={Nakauchi, Yasushi and Simmons, Reid},
  journal={Autonomous Robots},
  volume={12},
  number={3},
  pages={313--324},
  year={2002},
  publisher={Springer}
}

@inproceedings{lee2005human,
  title={Human mental models of humanoid robots},
  author={Lee, Sau-lai and Lau, Ivy Yee-man and Kiesler, Sara and Chiu, Chi-Yue},
  booktitle={Robotics and Automation, 2005. ICRA 2005. Proceedings of the 2005 IEEE International Conference on},
  pages={2767--2772},
  year={2005},
  organization={IEEE}
}


@book{markopoulos2008evaluating,
  title={Evaluating children's interactive products: principles and practices for interaction designers},
  author={Markopoulos, Panos and Read, Janet C and MacFarlane, Stuart and Hoysniemi, Johanna},
  year={2008},
  publisher={Morgan Kaufmann}
}

@article{torrey20096,
  title={6 What Robots Could Teach Us About Perspective Taking},
  author={Torrey, Cristen and Fussell, Susan R and Kiesler, Sara},
  journal={Expressing Oneself/Expressing One's Self: Communication, Cognition, Language, and Identity},
  pages={93},
  year={2009},
  publisher={Psychology Press}
}


@inproceedings{yamaoka2009developing,
  title={Developing a model of robot behavior to identify and appropriately respond to implicit attention-shifting},
  author={Yamaoka, Fumitaka and Kanda, Takayuki and Ishiguro, Hiroshi and Hagita, Norihiro},
  booktitle={Proceedings of the 4th ACM/IEEE international conference on Human robot interaction},
  pages={133--140},
  year={2009},
  organization={ACM}
}


@article{argyle1965eye,
  title={Eye-contact, distance and affiliation},
  author={Argyle, Michael and Dean, Janet},
  journal={Sociometry},
  pages={289--304},
  year={1965},
  publisher={JSTOR}
}

@article{brooks2007behavioral,
  title={Behavioral overlays for non-verbal communication expression on a humanoid robot},
  author={Brooks, Andrew G and Arkin, Ronald C},
  journal={Autonomous Robots},
  volume={22},
  number={1},
  pages={55--74},
  year={2007},
  publisher={Springer}
}


@article{eriksson2007participation,
  title={Participation in everyday school activities for children with and without disabilities},
  author={Eriksson, Lilly and Welander, Jonas and Granlund, Mats},
  journal={Journal of Developmental and Physical Disabilities},
  volume={19},
  number={5},
  pages={485--502},
  year={2007},
  publisher={Springer}
}


@inproceedings{srinivasan2011survey,
	title={A survey of social gaze},
	author={Srinivasan, Vasant and Murphy, Robin R},
	booktitle={Human-Robot Interaction (HRI), 2011 6th ACM/IEEE International Conference on},
	pages={253--254},
	year={2011},
	organization={IEEE}
}

@inproceedings{duff2012beyond,
	title={Beyond utterances: Distributed cognition as a framework for studying discourse in adults with acquired brain injury},
	author={Duff, Melissa C and Mutlu, Bilge and Byom, Lindsey and Turkstra, Lyn S},
	booktitle={Seminars in speech and language},
	volume={33},
	number={01},
	pages={44--54},
	year={2012},
	organization={Thieme Medical Publishers}
}

@article{ham2015combining,
	title={Combining robotic persuasive strategies: the persuasive power of a storytelling robot that uses gazing and gestures},
	author={Ham, Jaap and Cuijpers, Raymond H and Cabibihan, John-John},
	journal={International Journal of Social Robotics},
	volume={7},
	number={4},
	pages={479--487},
	year={2015},
	publisher={Springer}
}

@article{frintrop2010computational,
	title={Computational visual attention systems and their cognitive foundations: A survey},
	author={Frintrop, Simone and Rome, Erich and Christensen, Henrik I},
	journal={ACM Transactions on Applied Perception (TAP)},
	volume={7},
	number={1},
	pages={6},
	year={2010},
	publisher={ACM}
}

@article{mutlu2012conversational,
	title={Conversational gaze mechanisms for humanlike robots},
	author={Mutlu, Bilge and Kanda, Takayuki and Forlizzi, Jodi and Hodgins, Jessica and Ishiguro, Hiroshi},
	journal={ACM Transactions on Interactive Intelligent Systems (TiiS)},
	volume={1},
	number={2},
	pages={12},
	year={2012},
	publisher={ACM}
}

@article{mutlu2011designing,
	title={Designing embodied cues for dialog with robots},
	author={Mutlu, Bilge},
	journal={AI Magazine},
	volume={32},
	number={4},
	pages={17--30},
	year={2011}
}

@article{sauppe2015effective,
	title={Effective task training strategies for human and robot instructors},
	author={Saupp{\'e}, Allison and Mutlu, Bilge},
	journal={Autonomous Robots},
	volume={39},
	number={3},
	pages={313--329},
	year={2015},
	publisher={Springer}
}

@article{johnson2016effects,
	title={Effects of embodied learning and digital platform on the retention of physics content: Centripetal force},
	author={Johnson-Glenberg, Mina C and Megowan-Romanowicz, Colleen and Birchfield, David A and Savio-Ramos, Caroline},
	journal={Frontiers in psychology},
	volume={7},
	year={2016},
	publisher={Frontiers Media SA}
}

@inproceedings{mutlu2009footing,
	title={Footing in human-robot conversations: how robots might shape participant roles using gaze cues},
	author={Mutlu, Bilge and Shiwa, Toshiyuki and Kanda, Takayuki and Ishiguro, Hiroshi and Hagita, Norihiro},
	booktitle={Proceedings of the 4th ACM/IEEE international conference on Human robot interaction},
	pages={61--68},
	year={2009},
	organization={ACM}
}

@inproceedings{sauppe20159,
	title={From 9 to 90: Engaging learners of all ages},
	author={Saupp{\'e}, Allison and Szafir, Daniel and Huang, Chien-Ming and Mutlu, Bilge},
	booktitle={Proceedings of the 46th ACM Technical Symposium on Computer Science Education},
	pages={575--580},
	year={2015},
	organization={ACM}
}

@book{mcneill2008gesture,
	title={Gesture and thought},
	author={McNeill, David},
	year={2008},
	publisher={University of Chicago press}
}

@book{mcneill1992hand,
	title={Hand and mind: What gestures reveal about thought},
	author={McNeill, David},
	year={1992},
	publisher={University of Chicago press}
}


@inproceedings{huang2010joint,
	title={Joint Attention in Human-Robot Interaction.},
	author={Huang, Chien-Ming and Thomaz, Andrea Lockerd},
	booktitle={AAAI Fall Symposium: Dialog with Robots},
	year={2010}
}

@article{huang2014multivariate,
	title={Multivariate evaluation of interactive robot systems},
	author={Huang, Chien-Ming and Mutlu, Bilge},
	journal={Autonomous Robots},
	volume={37},
	number={4},
	pages={335--349},
	year={2014},
	publisher={Springer}
}

@inproceedings{rich2010recognizing,
	title={Recognizing engagement in human-robot interaction},
	author={Rich, Charles and Ponsler, Brett and Holroyd, Aaron and Sidner, Candace L},
	booktitle={Human-Robot Interaction (HRI), 2010 5th ACM/IEEE International Conference on},
	pages={375--382},
	year={2010},
	organization={IEEE}
}

@article{byom2013theory,
	title={Theory of mind: Mechanisms, methods, and new directions},
	author={Byom, Lindsey J and Mutlu, Bilge},
	journal={Frontiers in human neuroscience},
	volume={7},
	year={2013},
	publisher={Frontiers Media SA}
}

@article{begum2011visual,
	title={Visual attention for robotic cognition: a survey},
	author={Begum, Momotaz and Karray, Fakhri},
	journal={IEEE Transactions on Autonomous Mental Development},
	volume={3},
	number={1},
	pages={92--105},
	year={2011},
	publisher={IEEE}
}

@article{goodman1969analysis,
	title={Analysis of oral reading miscues: Applied psycholinguistics},
	author={Goodman, Kenneth S},
	journal={Reading Research Quarterly},
	pages={9--30},
	year={1969},
	publisher={JSTOR}
}

@article{cunningham1984simplified,
	title={A simplified miscue analysis for classroom and clinic},
	author={Cunningham, James W},
	journal={Reading Horizons},
	volume={24},
	number={2},
	pages={2},
	year={1984}
}

@article{williams2004reading,
	title={Reading errors made by skilled and unskilled readers: evaluating a system that generates reports for people with poor literacy},
	author={Williams, Sandra and Reiter, Ehud},
	year={2004}
}

@article{goodman1973miscue,
	title={Miscue Analysis: Applications to Reading Instruction.},
	author={Goodman, Kenneth S},
	year={1973},
	publisher={ERIC}
}

@article{labov2010reading,
	title={What is a reading error?},
	author={Labov, William and Baker, Bettina},
	journal={Applied Psycholinguistics},
	volume={31},
	number={4},
	pages={735--757},
	year={2010},
	publisher={Cambridge University Press}
}

@incollection{guo2013eye,
	title={How Eye Gaze Feedback Changes Parent-Child Joint Attention in Shared Storybook Reading?},
	author={Guo, Jia and Feng, Gary},
	booktitle={Eye gaze in intelligent user interfaces},
	pages={9--21},
	year={2013},
	publisher={Springer}
}

@article{shaywitz2008paying,
	title={Paying attention to reading: the neurobiology of reading and dyslexia},
	author={Shaywitz, Sally E and Shaywitz, Bennett A},
	journal={Development and psychopathology},
	volume={20},
	number={4},
	pages={1329--1349},
	year={2008},
	publisher={Cambridge University Press}
}

@phdthesis{guo2011we,
	title={What Do We Know About Joint Attention in Shared Book Reading? An Eye-tracking Intervention Study},
	author={Guo, Jia},
	year={2011}
}


@article{ann2005children,
	title={What children are looking at during shared storybook reading: Evidence from eye movement monitoring},
	author={Ann Evans, Mary and Saint-Aubin, Jean},
	journal={Psychological Science},
	volume={16},
	number={11},
	pages={913--920},
	year={2005},
	publisher={SAGE Publications Sage CA: Los Angeles, CA}
}

@article{mundy2007attention,
	title={Attention, joint attention, and social cognition},
	author={Mundy, Peter and Newell, Lisa},
	journal={Current directions in psychological science},
	volume={16},
	number={5},
	pages={269--274},
	year={2007},
	publisher={SAGE Publications Sage CA: Los Angeles, CA}
}

@article{gong2009four,
	title={Four year old children’s acquisition of print knowledge during electronic storybook reading},
	author={Gong, Zhiyu and Levy, Betty Ann},
	journal={Reading and Writing},
	volume={22},
	number={8},
	pages={889--905},
	year={2009},
	publisher={Springer}
}

@article{freire1983importance,
  title={The importance of the act of reading},
  author={Freire, Paulo and Slover, Loretta},
  journal={Journal of education},
  pages={5--11},
  year={1983},
  publisher={JSTOR}
}

@book{reid2016dyslexia,
  title={Dyslexia: A practitioner's handbook},
  author={Reid, Gavin},
  year={2016},
  publisher={John Wiley \& Sons}
}

@article{wray2009extending,
  title={Extending literacy skills},
  author={Wray, David},
  journal={The Routledge Companion to Dyslexia},
  pages={94},
  year={2009},
  publisher={Routledge}
}

@article{ehri2002reading,
  title={Reading processes, acquisition, and instructional implications},
  author={Ehri, LC},
  journal={Dyslexia and literacy: Theory and practice},
  pages={167--186},
  year={2002}
}

@inproceedings{kennedy2015robot,
  title={The robot who tried too hard: Social behaviour of a robot tutor can negatively affect child learning},
  author={Kennedy, James and Baxter, Paul and Belpaeme, Tony},
  booktitle={Proceedings of the tenth annual ACM/IEEE international conference on human-robot interaction},
  pages={67--74},
  year={2015},
  organization={ACM}
}

@article{benfatto2016screening,
  title={Screening for Dyslexia Using Eye Tracking during Reading},
  author={Benfatto, Mattias Nilsson and Seimyr, Gustaf {\"O}qvist and Ygge, Jan and Pansell, Tony and Rydberg, Agneta and Jacobson, Christer},
  journal={PloS one},
  volume={11},
  number={12},
  pages={e0165508},
  year={2016},
  publisher={Public Library of Science}
}

@article{carbo1978teaching,
  title={Teaching reading with talking books},
  author={Carbo, Marie},
  journal={The Reading Teacher},
  volume={32},
  number={3},
  pages={267--273},
  year={1978},
  publisher={JSTOR}
}

@inproceedings{fan2016design,
  title={Design Rationale: Opportunities and Recommendations for Tangible Reading Systems for Children},
  author={Fan, Min and Antle, Alissa N and Cramer, Emily S},
  booktitle={Proceedings of the The 15th International Conference on Interaction Design and Children},
  pages={101--112},
  year={2016},
  organization={ACM}
}

@article{chomsky1976after,
  title={After decoding: what?},
  author={Chomsky, Carol},
  journal={Language Arts},
  volume={53},
  number={3},
  pages={288--314},
  year={1976},
  publisher={JSTOR}
}

@inproceedings{rubegni2016evaluating,
  title={Evaluating Engagement in Reading: Comparing Children and Adult Assessors},
  author={Rubegni, Elisa and Landoni, Monica},
  booktitle={Proceedings of the The 15th International Conference on Interaction Design and Children},
  pages={113--124},
  year={2016},
  organization={ACM}
}


@inproceedings{ribeiro2014m,
  title={I'm the mayor: a robot tutor in enercities-2},
  author={Ribeiro, Tiago and Pereira, Andr{\'e} and Deshmukh, Amol and Aylett, Ruth and Paiva, Ana},
  booktitle={Proceedings of the 2014 international conference on Autonomous agents and multi-agent systems},
  pages={1675--1676},
  year={2014},
  organization={International Foundation for Autonomous Agents and Multiagent Systems}
}


@book{goodlad1989peer,
  title={Peer Tutoring. A Guide to Learning by Teaching.},
  author={Goodlad, Sinclair and Hirst, Beverley},
  year={1989},
  publisher={ERIC}
}

@book{wenger2014artificial,
  title={Artificial intelligence and tutoring systems: computational and cognitive approaches to the communication of knowledge},
  author={Wenger, Etienne},
  year={2014},
  publisher={Morgan Kaufmann}
}


@article{wood1976role,
  title={The role of tutoring in problem solving},
  author={Wood, David and Bruner, Jerome S and Ross, Gail},
  journal={Journal of child psychology and psychiatry},
  volume={17},
  number={2},
  pages={89--100},
  year={1976},
  publisher={Wiley Online Library}
}


@article{gerbier2018audio,
  title={Audio--visual synchronization in reading while listening to texts: Effects on visual behavior and verbal learning},
  author={Gerbier, Emilie and Bailly, G{\'e}rard and Bosse, Marie Line},
  journal={Computer Speech \& Language},
  volume={47},
  pages={74--92},
  year={2018},
  publisher={Elsevier}
}


@incollection{miller2008robots,
  title={Robots for education},
  author={Miller, David P and Nourbakhsh, Illah R and Siegwart, Roland},
  booktitle={Springer handbook of robotics},
  pages={1283--1301},
  year={2008},
  publisher={Springer}
}

@article{tortelli1976simplified,
  title={Simplified psycholinguistic diagnosis},
  author={Tortelli, James Peter},
  journal={The Reading Teacher},
  volume={29},
  number={7},
  pages={637--639},
  year={1976},
  publisher={JSTOR}
}

@book{goodman1972reading,
  title={Reading Miscue Inventory Manual: Procedure for Diagnosis and Evaluation: Readings for Taping},
  author={Goodman, Yetta M and Burke, Carolyn L},
  year={1972},
  publisher={Macmillan}
}


@inproceedings{sung2009robots,
  title={Robots in the wild: understanding long-term use},
  author={Sung, JaYoung and Christensen, Henrik I and Grinter, Rebecca E},
  booktitle={Proceedings of the 4th ACM/IEEE international conference on Human robot interaction},
  pages={45--52},
  year={2009},
  organization={ACM}
}

@article{goodman1967reading,
  title={Reading: A psycholinguistic guessing game},
  author={Goodman, Kenneth S},
  journal={Literacy Research and Instruction},
  volume={6},
  number={4},
  pages={126--135},
  year={1967},
  publisher={Taylor \& Francis}
}

@article{stanovich1988explaining,
  title={Explaining the differences between the dyslexic and the garden-variety poor reader: The phonological-core variable-difference model},
  author={Stanovich, Keith E},
  journal={Journal of learning disabilities},
  volume={21},
  number={10},
  pages={590--604},
  year={1988},
  publisher={Sage Publications Sage UK: London, England}
}

@article{liberman1992relation,
  title={The relation of speech to reading and writing},
  author={Liberman, Alvin M},
  journal={Advances in psychology},
  volume={94},
  pages={167--178},
  year={1992},
  publisher={Elsevier}
}

@article{liberman1990whole,
  title={Whole language vs. code emphasis: Underlying assumptions and their implications for reading instruction},
  author={Liberman, Isabelle Y and Liberman, Alvin M},
  journal={Annals of Dyslexia},
  volume={40},
  number={1},
  pages={51--76},
  year={1990},
  publisher={Springer}
}

@article{galinsky2000perspective,
  title={Perspective-taking: decreasing stereotype expression, stereotype accessibility, and in-group favoritism.},
  author={Galinsky, Adam D and Moskowitz, Gordon B},
  journal={Journal of personality and social psychology},
  volume={78},
  number={4},
  pages={708},
  year={2000},
  publisher={American Psychological Association}
}

@book{piaget1997moral,
  title={The moral judgement of the child},
  author={Piaget, Jean},
  year={1997},
  publisher={Simon and Schuster}
}

@book{batson2014altruism,
  title={The altruism question: Toward a social-psychological answer},
  author={Batson, C Daniel},
  year={2014},
  publisher={Psychology Press}
}

@inproceedings{berlin2006perspective,
  title={Perspective taking: An organizing principle for learning in human-robot interaction},
  author={Berlin, Matt and Gray, Jesse and Thomaz, Andrea Lockerd and Breazeal, Cynthia},
  booktitle={AAAI},
  volume={2},
  pages={1444--1450},
  year={2006}
}


@article{schober1993spatial,
  title={Spatial perspective-taking in conversation},
  author={Schober, Michael F},
  journal={Cognition},
  volume={47},
  number={1},
  pages={1--24},
  year={1993},
  publisher={Elsevier}
}

@article{goldin1997gestures,
  title={When gestures and words speak differently},
  author={Goldin-Meadow, Susan},
  journal={Current directions in psychological science},
  volume={6},
  number={5},
  pages={138--143},
  year={1997},
  publisher={SAGE Publications Sage CA: Los Angeles, CA}
}

@article{trafton2005enabling,
  title={Enabling effective human-robot interaction using perspective-taking in robots},
  author={Trafton, J Gregory and Cassimatis, Nicholas L and Bugajska, Magdalena D and Brock, Derek P and Mintz, Farilee E and Schultz, Alan C},
  journal={IEEE Transactions on Systems, Man, and Cybernetics-Part A: Systems and Humans},
  volume={35},
  number={4},
  pages={460--470},
  year={2005},
  publisher={IEEE}
}

@book{miller1976language,
  title={Language and perception.},
  author={Miller, George A and Johnson-Laird, Philip N},
  year={1976},
  publisher={Belknap Press}
}

@book{piaget2013child,
  title={Child's Conception of Space: Selected Works},
  author={Piaget, Jean},
  volume={4},
  year={2013},
  publisher={Routledge}
}

@article{piaget1967child,
  title={The Child's Conception of Space.},
  author={Piaget, Jean and Inhelder, Barbel},
  year={1967},
  publisher={ERIC}
}

@article{bartsch1988young,
  title={Young children's conception of distance.},
  author={Bartsch, Karen and Wellman, Henry M},
  journal={Developmental Psychology},
  volume={24},
  number={4},
  pages={532},
  year={1988},
  publisher={American Psychological Association}
}

@article{miller1990length,
  title={Length and distance: Do preschoolers think that occlusion brings things together?},
  author={Miller, Kevin F and Baillargeon, Ren{\'e}e},
  journal={Developmental Psychology},
  volume={26},
  number={1},
  pages={103},
  year={1990},
  publisher={American Psychological Association}
}

@article{scassellati2002theory,
  title={Theory of mind for a humanoid robot},
  author={Scassellati, Brian},
  journal={Autonomous Robots},
  volume={12},
  number={1},
  pages={13--24},
  year={2002},
  publisher={Springer}
}

@article{newcombe1992children,
  title={Children's early ability to solve perspective-taking problems.},
  author={Newcombe, Nora and Huttenlocher, Janellen},
  journal={Developmental psychology},
  volume={28},
  number={4},
  pages={635},
  year={1992},
  publisher={American Psychological Association}
}

@inproceedings{torrey2006effects,
  title={Effects of adaptive robot dialogue on information exchange and social relations},
  author={Torrey, Cristen and Powers, Aaron and Marge, Matthew and Fussell, Susan R and Kiesler, Sara},
  booktitle={Proceedings of the 1st ACM SIGCHI/SIGART conference on Human-robot interaction},
  pages={126--133},
  year={2006},
  organization={ACM}
}

@article{lockridge2002addressees,
  title={Addressees' needs influence speakers' early syntactic choices},
  author={Lockridge, Calion B and Brennan, Susan E},
  journal={Psychonomic bulletin \& review},
  volume={9},
  number={3},
  pages={550--557},
  year={2002},
  publisher={Springer}
}

@inproceedings{lee2005human,
  title={Human mental models of humanoid robots},
  author={Lee, Sau-lai and Lau, Ivy Yee-man and Kiesler, Sara and Chiu, Chi-Yue},
  booktitle={Robotics and Automation, 2005. ICRA 2005. Proceedings of the 2005 IEEE International Conference on},
  pages={2767--2772},
  year={2005},
  organization={IEEE}
}

@article{keysar2000taking,
  title={Taking perspective in conversation: The role of mutual knowledge in comprehension},
  author={Keysar, Boaz and Barr, Dale J and Balin, Jennifer A and Brauner, Jason S},
  journal={Psychological Science},
  volume={11},
  number={1},
  pages={32--38},
  year={2000},
  publisher={SAGE Publications Sage CA: Los Angeles, CA}
}

@inproceedings{torrey2007exploring,
  title={Exploring adaptive dialogue based on a robot's awareness of human gaze and task progress},
  author={Torrey, Cristen and Powers, Aaron and Fussell, Susan R and Kiesler, Sara},
  booktitle={Proceedings of the ACM/IEEE international conference on Human-robot interaction},
  pages={247--254},
  year={2007},
  organization={ACM}
}

@article{piaget1960child,
  title={The child's conception of geometry.},
  author={Piaget, Jean and Inhelder, B{\"a}rbel and Szeminska, Alina},
  year={1960},
  publisher={Basic Books}
}

@article{fabricius1993two,
  title={Two roads diverged: Young children's ability to judge distance},
  author={Fabricius, William V and Wellman, Henry M},
  journal={Child development},
  volume={64},
  number={2},
  pages={399--414},
  year={1993},
  publisher={Wiley Online Library}
}


@inproceedings{mintz2004choosing,
  title={Choosing frames of referenece: Perspective-taking in a 2d and 3d navigational task},
  author={Mintz, Farilee E and Trafton, J Gregory and Marsh, Elaine and Perzanowski, Dennis},
  booktitle={Proceedings of the Human Factors and Ergonomics Society Annual Meeting},
  volume={48},
  number={16},
  pages={1933--1937},
  year={2004},
  organization={SAGE Publications Sage CA: Los Angeles, CA}
}


@article{carlson1996influence,
  title={The influence of functional relations on spatial term selection},
  author={Carlson-Radvansky, Laura A and Radvansky, Gabriel A},
  journal={Psychological Science},
  volume={7},
  number={1},
  pages={56--60},
  year={1996},
  publisher={SAGE Publications Sage CA: Los Angeles, CA}
}

@book{moore2014joint,
  title={Joint attention: Its origins and role in development},
  author={Moore, Chris},
  year={2014},
  publisher={Psychology Press}
}

@article{boland1995perspective,
  title={Perspective making and perspective taking in communities of knowing},
  author={Boland Jr, Richard J and Tenkasi, Ramkrishnan V},
  journal={Organization science},
  volume={6},
  number={4},
  pages={350--372},
  year={1995},
  publisher={INFORMS}
}

@inproceedings{westlund2015interplay,
  title={The interplay of robot language level with children's language learning during storytelling},
  author={Westlund, Jacqueline Kory and Breazeal, Cynthia},
  booktitle={Proceedings of the Tenth Annual ACM/IEEE International Conference on Human-Robot Interaction Extended Abstracts},
  pages={65--66},
  year={2015},
  organization={ACM}
}

